@article{Prechelt2000AnLanguages,
    title = {{An empirical comparison of seven programming languages}},
    year = {2000},
    journal = {Computer},
    author = {Prechelt, Lutz},
    number = {10},
    pages = {23--29},
    volume = {33},
    url = {http://ieeexplore.ieee.org/ielx5/2/18966/00876288.pdf?tp={\&}arnumber=876288{\&}isnumber=18966{\%}5Cnhttp://ieeexplore.ieee.org/xpl/articleDetails.jsp?tp={\&}arnumber=876288{\&}contentType=Journals+{\&}+Magazines{\&}searchField=Search{\_}All{\&}queryText=An+empirical+comparison+of+},
    isbn = {9781118037454},
    doi = {10.1109/2.876288},
    issn = {0018-9162},
    pmid = {21429171}
}