@online{Becker.08.04.2016,
 abstract = {Apples inzwischen quelloffene Programmiersprache wird einem Bericht zufolge von Google als Alternative zu Java in Betracht gezogen. Auch prominente App-Entwickler wie Facebook und Uber zeigen angeblich Interesse an Swift.},
 author = {Becker, Leo and i, Mac},
 year = {08.04.2016},
 title = {{Google erw{\"a}gt Swift angeblich als Programmiersprache f{\"u}r Android}},
 url = {https://www.heise.de/mac-and-i/meldung/Google-erwaegt-Swift-angeblich-als-Programmiersprache-fuer-Android-3166346.html},
 urldate = {2016-11-02}
}

@online{Gruber.09.05.2016,
 abstract = {Swift 2.0 ist kaum ein Jahr alt, nun haben die Entwickler die dritte Version angek{\"u}ndigt. Diese soll offener werden und im Herbst kommen.},
 author = {Gruber, Bastian},
 year = {2016},
 title = {{Swift 3.0 teilweise mit Windows kompatibel}},
 url = {http://www.macwelt.de/news/Swift-3-0-Windows-Linux-9977672.html},
 urldate = {2016-11-02}
}

@online{KlausLoffelmann.15.09.2014,
 abstract = {Was ist Swift, und hat es eine Bedeutung f{\"u}r die Microsoft-Entwicklerwelt?},
 author = {{Klaus L{\"o}ffelmann}},
 year = {2014},
 title = {{Swift und seine Bedeutung f{\"u}r die Microsoft-Entwicklerwelt}},
 url = {https://entwickler.de/online/swift-und-seine-bedeutung-fuer-die-microsoft-entwicklerwelt-161809.html},
 urldate = {2016-11-02}
}

@online{MengeSonnentag.23.09.2016,
 abstract = {Das erste quelloffene Major Release von Apples Programmiersprache ist kurz nach seinem Start nun auch f{\"u}r serverseitige Anwendungen bei Big Blue verf{\"u}gbar.},
 author = {Menge-Sonnentag, Rainald and Developer, heise},
 year = {2016},
 title = {{PaaS: Debut f{\"u}r Swift 3 in IBMs Bluemix}},
 url = {https://www.heise.de/developer/meldung/PaaS-Debut-fuer-Swift-3-in-IBMs-Bluemix-3330663.html},
 keywords = {Apple Swift;IBM Bluemix;Platform as a Service;Programmiersprachen},
 urldate = {2016-11-02}
}

@online{Neumann.23.02.2016,
 abstract = {Dank IBM l{\"a}sst sich die von Apple lancierte Programmiersprache erstmals in Cloud-Szenarien nutzen. Und auch dass Big Blue f{\"u}r Swift nun einen Webserver zur Verf{\"u}gung stellt, deutet auf zunehmend unterschiedlichere Anwendungszenarien der Sprache hin.},
 author = {Neumann, Alexander and Developer, heise},
 year = {2016},
 title = {{Programmiersprache: IBM bringt Swift auf den Server und in die Cloud}},
 url = {https://www.heise.de/developer/meldung/Programmiersprache-IBM-bringt-Swift-auf-den-Server-und-in-die-Cloud-3115069.html},
 keywords = {Apple Swift;IBM},
 urldate = {2016-11-02}
}

@online{Neumann.15.07.2016,
 abstract = {Apples noch relativ junge Programmiersprache findet weiterhin Anklang. Nun will das soziale Netz Facebook Swift-Entwickler mit einem Software Development Kit bei der App-Entwicklung unterst{\"u}tzen.},
 author = {Neumann, Alexander and Developer, heise},
 year = {2016},
 title = {{Facebook stellt SDK f{\"u}r Swift vor}},
 url = {https://www.heise.de/developer/meldung/Facebook-stellt-SDK-fuer-Swift-vor-3268305.html},
 keywords = {Apple Swift;Facebook},
 urldate = {2016-11-02}
}

@online{Neumann.21.10.2016,
 abstract = {Voraussichtlich Ende 2017 ist mit einer neuen Version von Apples quelloffener Programmiersprache zu rechnen. Die {\"A}nderungen daf{\"u}r sollen in einem zweistufigen Aufbau erfolgen.},
 author = {Neumann, Alexander and Developer, heise},
 year = {2016},
 title = {{Programmiersprache: Fahrplan f{\"u}r Apples Swift 4.0 weist auf ABI-Stabilit{\"a}t und andere Speicherverwaltung hin}},
 url = {https://www.heise.de/developer/meldung/Programmiersprache-Fahrplan-fuer-Apples-Swift-4-0-weist-auf-ABI-Stabilitaet-und-andere-3356551.html},
 urldate = {2016-11-02}
}