% This file was created with Citavi 5.4.0.2

@misc{Becker.08.04.2016,
 abstract = {Apples inzwischen quelloffene Programmiersprache wird einem Bericht zufolge von Google als Alternative zu Java in Betracht gezogen. Auch prominente App-Entwickler wie Facebook und Uber zeigen angeblich Interesse an Swift.},
 author = {Becker, Leo and i, Mac},
 year = {08.04.2016},
 title = {{Google erw{\"a}gt Swift angeblich als Programmiersprache f{\"u}r Android}},
 url = {https://www.heise.de/mac-and-i/meldung/Google-erwaegt-Swift-angeblich-als-Programmiersprache-fuer-Android-3166346.html},
 keywords = {Android;Apple;Apple Swift;Facebook;Google;Uber},
 urldate = {02.11.2016}
}


@book{Esser.2011,
 abstract = {Friedrich Esser liefert mit diesem Buch eine {\"u}bersichtliche Einf{\"u}hrung in Scala, vor allem geeignet f{\"u}r Umsteiger, die bereits {\"u}ber erste Programmiererfahrung verf{\"u}gen. Im 1. Teil 1 des Buchs werden die notwendigen Grundlagen vermittelt, um in Scala k{\"u}rzer und besser objekt-orientiert codieren zu k{\"o}nnen. In Teil 2 wird die OO-Programmierung um Konzepte wie beispielsweise Pattern Matching und Traits vertieft. Teil 3 ist der funktionalen Programmierung sowie der Programmierung mit Aktoren gewidmet



Main description: Friedrich Esser liefert mit diesem Buch eine {\"u}bersichtliche Einf{\"u}hrung in Scala, vor allem geeignet f{\"u}r Umsteiger, die bereits {\"u}ber erste Programmiererfahrung verf{\"u}gen. Im 1. Teil 1 des Buchs werden die notwendigen Grundlagen vermittelt, um in Scala k{\"u}rzer und besser objekt-orientiert codieren zu k{\"o}nnen. In Teil 2 wird die OO-Programmierung um Konzepte wie beispielsweise Pattern Matching und Traits vertieft. Teil 3 ist der funktionalen Programmierung sowie der Programmierung mit Aktoren gewidmet.},
 author = {Esser, Friedrich},
 year = {2011},
 title = {{Scala f{\"u}r Umsteiger}},
 url = {http://www.oldenbourg-link.com/isbn/9783486710816},
 address = {M{\"u}nchen},
 publisher = {Oldenbourg},
 isbn = {978-3-486-59693-9}
}


@book{Feike.2011,
 abstract = {Go ist eine 2009 von Mitarbeitern von Google entwickelte neue Programmiersprache, mit M{\"o}glichkeiten einer hardware-nahen Softwareentwicklung, die sich an C/C++ und Perl orientiert. Go ist f{\"u}r Linux und Mac OS X (ab Version 10.5) verf{\"u}gbar; neuerdings steht es auch in einer experimentellen Version f{\"u}r Windows (ab Windows XP) bereit, bei der allerdings einige wichtige Tools fehlen. - Die Autoren sprechen Leser mit Vorkenntnissen in einer objektorientierten Sprache an, die bei Programmiersprachen {\dq}auf der H{\"o}he der Zeit bleiben wollen{\dq}. Zusammengefasst werden zun{\"a}chst Gr{\"u}nde f{\"u}r die Entwicklung von Go (leicht zu lernen, Beschr{\"a}nkung auf das absolut Notwendige, gute Ber{\"u}cksichtigung parallelisierter Hardware, zunehmende Bedeutung des Server-Computing, ...), erl{\"a}utert die Installation (unter allen Betriebssystemen). Es folgt gest{\"u}tzt auf viele lauff{\"a}hige Beispiele eine Einf{\"u}hrung in das Programmieren mit Go. Gut ber{\"u}cksichtigt wird die Nutzung von C-Bibliotheken unter Go. - Auf Begleit-CD eine bootbare Linux-Distribution mit einer aktuellen Go-Installation. Beispiele k{\"o}nnen so direkt nachvollzogen werden. (2) (Klaus Barckow)



Einf{\"u}hrung in Syntax und Semantik der 2009 von Mitarbeitern von Google entwickelten Programmiersprache Go; mit zahlreichen Beispielen. (Klaus Barckow)},
 author = {Feike, Rainer and Blass, Steffen},
 year = {2011},
 title = {{Programmierung in Google Go}},
 price = {EUR 34.80 (DE), EUR 35.80 (AT), sfr 59.40 (freier Pr.)},
 address = {M{\"u}nchen},
 publisher = {Addison-Wesley},
 isbn = {978-3-8273-3009-3},
 series = {Open source library}
}


@misc{Gruber.09.05.2016,
 abstract = {Swift 2.0 ist kaum ein Jahr alt, nun haben die Entwickler die dritte Version angek{\"u}ndigt. Diese soll offener werden und im Herbst kommen.},
 author = {Gruber, Bastian},
 year = {09.05.2016},
 title = {{Swift 3.0 teilweise mit Windows kompatibel}},
 url = {http://www.macwelt.de/news/Swift-3-0-Windows-Linux-9977672.html},
 keywords = {Swift},
 urldate = {02.11.2016}
}


@book{Hinzberg.2015,
 author = {Hinzberg, Holger},
 year = {2015},
 title = {{Einf{\"u}hrung in Swift: [mit Referenzkarte zum Herausnehmen]}},
 price = {EUR 19.99 (DE)},
 address = {Frechen},
 edition = {1. Aufl.},
 publisher = {mitp},
 isbn = {978-3-8266-9675-6}
}


@misc{KlausLoffelmann.15.09.2014,
 abstract = {Was ist Swift, und hat es eine Bedeutung f{\"u}r die Microsoft-Entwicklerwelt?},
 author = {{Klaus L{\"o}ffelmann}},
 year = {15.09.2014},
 title = {{Swift und seine Bedeutung f{\"u}r die Microsoft-Entwicklerwelt}},
 url = {https://entwickler.de/online/swift-und-seine-bedeutung-fuer-die-microsoft-entwicklerwelt-161809.html},
 urldate = {02.11.2016}
}


@misc{MengeSonnentag.23.09.2016,
 abstract = {Das erste quelloffene Major Release von Apples Programmiersprache ist kurz nach seinem Start nun auch f{\"u}r serverseitige Anwendungen bei Big Blue verf{\"u}gbar.},
 author = {Menge-Sonnentag, Rainald and Developer, heise},
 year = {23.09.2016},
 title = {{PaaS: Debut f{\"u}r Swift 3 in IBMs Bluemix}},
 url = {https://www.heise.de/developer/meldung/PaaS-Debut-fuer-Swift-3-in-IBMs-Bluemix-3330663.html},
 keywords = {Apple Swift;IBM Bluemix;Platform as a Service;Programmiersprachen},
 urldate = {02.11.2016}
}


@misc{Neumann.23.02.2016,
 abstract = {Dank IBM l{\"a}sst sich die von Apple lancierte Programmiersprache erstmals in Cloud-Szenarien nutzen. Und auch dass Big Blue f{\"u}r Swift nun einen Webserver zur Verf{\"u}gung stellt, deutet auf zunehmend unterschiedlichere Anwendungszenarien der Sprache hin.},
 author = {Neumann, Alexander and Developer, heise},
 year = {23.02.2016},
 title = {{Programmiersprache: IBM bringt Swift auf den Server und in die Cloud}},
 url = {https://www.heise.de/developer/meldung/Programmiersprache-IBM-bringt-Swift-auf-den-Server-und-in-die-Cloud-3115069.html},
 keywords = {Apple Swift;IBM},
 urldate = {02.11.2016}
}


@misc{Neumann.15.07.2016,
 abstract = {Apples noch relativ junge Programmiersprache findet weiterhin Anklang. Nun will das soziale Netz Facebook Swift-Entwickler mit einem Software Development Kit bei der App-Entwicklung unterst{\"u}tzen.},
 author = {Neumann, Alexander and Developer, heise},
 year = {15.07.2016},
 title = {{Facebook stellt SDK f{\"u}r Swift vor}},
 url = {https://www.heise.de/developer/meldung/Facebook-stellt-SDK-fuer-Swift-vor-3268305.html},
 keywords = {Apple Swift;Facebook},
 urldate = {02.11.2016}
}


@misc{Neumann.21.10.2016,
 abstract = {Voraussichtlich Ende 2017 ist mit einer neuen Version von Apples quelloffener Programmiersprache zu rechnen. Die {\"A}nderungen daf{\"u}r sollen in einem zweistufigen Aufbau erfolgen.},
 author = {Neumann, Alexander and Developer, heise},
 year = {21.10.2016},
 title = {{Programmiersprache: Fahrplan f{\"u}r Apples Swift 4.0 weist auf ABI-Stabilit{\"a}t und andere Speicherverwaltung hin}},
 url = {https://www.heise.de/developer/meldung/Programmiersprache-Fahrplan-fuer-Apples-Swift-4-0-weist-auf-ABI-Stabilitaet-und-andere-3356551.html},
 keywords = {Apple Swift;Cyclone;Programmiersprachen;Rust},
 urldate = {02.11.2016}
}


@book{Popp.2015,
 abstract = {Ver{\"o}ffentlichungen {\"u}ber die von Apple neu entwickelte objektorientierte Programmiersprache Swift (f{\"u}r iOS und OS X) sind in der letzten Zeit {\"o}fter besprochen worden, u.a. durch die umfassende Darstellung von Th. Sillmann (ID-B 17/15). Diese Darstellung wird mit der vorliegende Schritt-f{\"u}r-Schritt-Einleitung, die auch Einsteigern gut zug{\"a}nglich ist, wirkungsvoll erg{\"a}nzt. Der Autor St. Popp ist u.a. bekannt durch das Videotraining {\dq}Apps entwickeln f{\"u}r iPhone und iPad{\dq} (ID-B 14/15). Beginnend mit Grundlagen (Entwicklungsumgebung, ...) kommen die Autoren schnell zu Klassen, Objekten und Methoden. Gut ber{\"u}cksichtigt werden auch die Themen Container und Mutability, Protokolle und Extensions sowie generische und funktionale Entwicklung. Viele, leicht nachvollziehbare Beispiele und viele Abbildungen. Die Entwicklung von Apps wird im gro{\ss}en Praxisteil erl{\"a}utert mit der Erstellung einer Tracking App f{\"u}r das Messen und Aufzeichnen von sportlichen T{\"a}tigkeiten wie Wandern, Joggen oder Radfahren; diese App wird dann noch um das Aufzeichnen von GPS-Daten und deren Visualisierung mit Hilfe von MapKit erweitert. (2) (Klaus Barckow)



Die Einf{\"u}hrung in die von Apple neu entwickelte objektorientierte Programmiersprache Swift ist auch f{\"u}r Einsteiger geeignet. Mit vielen Beispielen. (Klaus Barckow)},
 author = {Popp, Stefan and Peters, Ralf},
 year = {2015},
 title = {{Durchstarten mit Swift: [Apples neue Programmiersprache Schritt f{\"u}r Schritt verst{\"a}ndlich und gut erkl{\"a}rt]}},
 url = {http://www.vlb.de/GetBlob.aspx?strDisposition=a&strIsbn=9783955618841},
 price = {EUR 24.90 (DE)},
 address = {Beijing},
 edition = {1. Aufl.},
 publisher = {O'Reilly},
 isbn = {978-3-95561-884-1}
}


@book{Tilkov.2015,
 abstract = {Das Buch bietet eine theoretisch fundierte, vor allem aber praxistaugliche Anleitung zum professionellen Einsatz von RESTful HTTP. Es beschreibt den Architekturstil REST (Representational State Transfer) und seine Umsetzung im Rahmen der Protokolle des World Wide Web (HTTP, URIs und andere).    Es wird gezeigt, wie man klassische Webanwendungen und Webservices so entwirft, dass sie im Einklang mit den Grundprinzipien des Web stehen und seine vielen Vorteile ausnutzen.    Nach einer kurzen Einleitung, die die Grundprinzipien vermittelt (Ressourcen, Repr{\"a}sentationen, Hyperlinks, Content Negotiation), wird ein vollst{\"a}ndiges praktisches Beispiel vorgestellt. Danach werden die einzelnen Konzepte sowie fortgeschrittene Themen wie Caching, Dokumentation und Sicherheit detailliert betrachtet. Schlie{\ss}lich wird eine erweiterte Form der Beispielanwendung entwickelt, um die Umsetzung der fortgeschrittenen Konzepte zu demonstrieren. Inzwischen etablierte Best Practices zu Entwurf und Implementierung werden in einem eigenen Kapitel beschrieben und diskutiert.    Neu in der dritten Auflage ist u.a. die Behandlung von immer popul{\"a}rer werdenden Formaten (wie HAL, collection+json und Siren), Hinweise zur Dokumentation von Web-APIs sowie das Zusammenspiel mit Web-Oberfl{\"a}chen nach dem ROCA-Prinzip.  Stefan Tilkov besch{\"a}ftigt sich seit Beginn der 90er-Jahre mit Architekturans{\"a}tzen fu?r gro{\ss}e, verteilte Systemlandschaften. Von 1993 bis 1998 war er in verschiedenen Rollen bei einem mittelst{\"a}ndischen Softwarehaus t{\"a}tig, zuletzt als Leiter des Bereichs Anwendungsentwicklung, bevor er 1999 die Technologieberatung innoQ Deutschland GmbH mitgru?ndete. Als Gesch{\"a}ftsfu?hrer und Principal Consultant besch{\"a}ftigt er sich dort schwerpunktm{\"a}{\ss}ig mit leichtgewichtigen Architekturans{\"a}tzen und serviceorientierten IT-Architekturen.    Martin Eigenbrodt ist seit 2009 Mitarbeiter bei innoQ. Als Senior Consultant geh{\"o}rt sowohl die Schulung und Beratung beim Entwurf von RESTful APIs zu seinen Aufgaben, als auch deren konkrete Implementierung. Technologisch liegt sein Schwerpunkt  dabei auf Scala und Play.    Silvia Schreier besch{\"a}ftigt sich seit einigen Jahren mit REST. Zun{\"a}chst im Rahmen ihrer T{\"a}tigkeit als wissenschaftliche Mitarbeiterin an der FernUniversit{\"a}t in Hagen und seit 2013 als Consultant bei innoQ. Dort liegt ihr Schwerpunkt auf dem Entwurf und der Entwicklung REST- und ROCA-konformer Anwendungen mit verschiedensten Programmiersprachen und Persistenzl{\"o}sungen. Au{\ss}erdem versucht sie bei Veranstaltungen verschiedenster Initiativen andere Menschen fu?r die IT zu begeistern.    Oliver Wolf besch{\"a}ftigt sich seit vielen Jahren mit Software- und Systemarchitektur und interessiert sich besonders fu?r gro{\ss}e, verteilte Systeme mit hohen Anforderungen an Sicherheit, Skalierbarkeit und Flexiblit{\"a}t. Bevor er als Principal Consultant zu innoQ kam, war er unter anderem als Chefarchitekt, Technischer Produktmanager und Berater bei verschiedenen IT-Unternehmen t{\"a}tig.},
 author = {Tilkov, Stefan and Eigenbrodt, Martin and Schreier, Silvia and Wolf, Oliver},
 year = {2015},
 title = {{REST und HTTP: Entwicklung und Integration nach dem Architekturstil des Web}},
 url = {http://gbv.eblib.com/patron/FullRecord.aspx?p=2046366},
 address = {s.l.},
 edition = {3. Aufl.},
 publisher = {dpunkt},
 isbn = {978-3-86490-120-1}
}


